<?xml version="1.0" encoding="UTF-8"?><collection xmlns="http://www.loc.gov/MARC21/slim"><record><leader>00496nam--2200145-i-4500</leader><controlfield tag="001">000033307</controlfield><controlfield tag="002">20161230</controlfield><controlfield tag="005">20161230201039</controlfield><controlfield tag="008">060222s1000------------r-----000-0-eng-d</controlfield><datafield ind1=" " ind2=" " tag="080"><subfield code="a">513.831</subfield></datafield><datafield ind1=" " ind2=" " tag="100"><subfield code="a">Monjallon, Albert</subfield></datafield><datafield ind1=" " ind2=" " tag="245"><subfield code="a">Initiation au calcul matriciel. matrices - determinants. applications a l`algebre et a la geometrie analytique a l`usage des classes preparatoires ..</subfield></datafield><datafield ind1=" " ind2=" " tag="260"><subfield code="a">Paris, Libr.Vuibert, 1955, 127/-133/P</subfield></datafield><datafield ind1=" " ind2=" " tag="852"><subfield code="a">11714</subfield><subfield code="c">512.831</subfield></datafield><datafield ind1=" " ind2=" " tag="CAT"><subfield code="a">Sys</subfield><subfield code="c">20080520</subfield><subfield code="h">143643</subfield></datafield></record></collection>